% For style examples, see e.g. https://verbosus.com/bibtex-style-examples.html                    or                    https://www.economics.utoronto.ca/osborne/latex/BIBTEX.HTM

@book
{
    Sakurai,
    AUTHOR = {Sakurai, J. J. and Napolitano, J.},
     TITLE = {Modern Quantum Mechanics},
 PUBLISHER = {Cambridge University Press},
      YEAR = {2017},
      EDITION = {2},
      ISBN = {978-1-108-42241-3 Hardback},
      ADDRESS = {Cambridge, United Kingdom}
}

@article
{project1, 
    AUTHOR = {Haug, N. and Betten, J.E. and Davidov, A.},
    TITLE = {A Variational Monte Carlo Analysis on Bose-Einstein Condensation in a Trapped Bose Gas.},
    YEAR = {2022}
}



@article{Carleo_2017,
	doi = {10.1126/science.aag2302},
  
	url = {https://doi.org/10.1126%2Fscience.aag2302},
  
	year = 2017,
	month = {feb},
  
	publisher = {American Association for the Advancement of Science ({AAAS})},
  
	volume = {355},
  
	number = {6325},
  
	pages = {602--606},
  
	author = {Giuseppe Carleo and Matthias Troyer},
  
	title = {Solving the quantum many-body problem with artificial neural networks},
  
	journal = {Science}
}


@article{PhysRevA.48.3561,
  title = {Two electrons in an external oscillator potential: Particular analytic solutions of a Coulomb correlation problem},
  author = {Taut, M.},
  journal = {Phys. Rev. A},
  volume = {48},
  issue = {5},
  pages = {3561--3566},
  numpages = {0},
  year = {1993},
  month = {Nov},
  publisher = {American Physical Society},
  doi = {10.1103/PhysRevA.48.3561},
  url = {https://link.aps.org/doi/10.1103/PhysRevA.48.3561}
}


@article{MariusJonsson, 
    AUTHOR  = {Jonsson, Marius}, 
    TITLE   = {Standard estimation by an automated blocking method}, 
    JOURNAL = {Physical Review},
    YEAR    = {2018}, 
    EDITION = {98},
}


@software{jax2018github,
  author = {James Bradbury and Roy Frostig and Peter Hawkins and Matthew James Johnson and Chris Leary and Dougal Maclaurin and George Necula and Adam Paszke and Jake Vander{P}las and Skye Wanderman-{M}ilne and Qiao Zhang},
  title = {{JAX}: composable transformations of {P}ython+{N}um{P}y programs},
  url = {http://github.com/google/jax},
  version = {0.2.5},
  year = {2018},
}

